@Manual{R-base,
  title = {R: A Language and Environment for Statistical Computing},
  author = {{R Core Team}},
  organization = {R Foundation for Statistical Computing},
  address = {Vienna, Austria},
  year = {2018},
  url = {https://www.R-project.org/},
}
@Manual{R-bindrcpp,
  title = {bindrcpp: An 'Rcpp' Interface to Active Bindings},
  author = {Kirill Müller},
  year = {2018},
  note = {R package version 0.2.2},
  url = {https://CRAN.R-project.org/package=bindrcpp},
}
@Manual{R-dplyr,
  title = {dplyr: A Grammar of Data Manipulation},
  author = {Hadley Wickham and Romain François and Lionel Henry and Kirill Müller},
  year = {2018},
  note = {R package version 0.7.6},
  url = {https://CRAN.R-project.org/package=dplyr},
}
@Manual{R-forcats,
  title = {forcats: Tools for Working with Categorical Variables (Factors)},
  author = {Hadley Wickham},
  year = {2018},
  note = {R package version 0.3.0},
  url = {https://CRAN.R-project.org/package=forcats},
}
@Book{R-ggplot2,
  author = {Hadley Wickham},
  title = {ggplot2: Elegant Graphics for Data Analysis},
  publisher = {Springer-Verlag New York},
  year = {2016},
  isbn = {978-3-319-24277-4},
  url = {http://ggplot2.org},
}
@Manual{R-jpeg,
  title = {jpeg: Read and write JPEG images},
  author = {Simon Urbanek},
  year = {2014},
  note = {R package version 0.1-8},
  url = {https://CRAN.R-project.org/package=jpeg},
}
@Book{R-knitr,
  title = {Dynamic Documents with {R} and knitr},
  author = {Yihui Xie},
  publisher = {Chapman and Hall/CRC},
  address = {Boca Raton, Florida},
  year = {2015},
  edition = {2nd},
  note = {ISBN 978-1498716963},
  url = {https://yihui.name/knitr/},
}
@Article{R-lavaan,
  title = {{lavaan}: An {R} Package for Structural Equation Modeling},
  author = {Yves Rosseel},
  journal = {Journal of Statistical Software},
  year = {2012},
  volume = {48},
  number = {2},
  pages = {1--36},
  url = {http://www.jstatsoft.org/v48/i02/},
}
@Manual{R-magrittr,
  title = {magrittr: A Forward-Pipe Operator for R},
  author = {Stefan Milton Bache and Hadley Wickham},
  year = {2014},
  note = {R package version 1.5},
  url = {https://CRAN.R-project.org/package=magrittr},
}
@Manual{R-papaja,
  author = {Frederik Aust and Marius Barth},
  title = {{papaja}: {Create} {APA} manuscripts with {R Markdown}},
  year = {2018},
  note = {R package version 0.1.0.9842},
  url = {https://github.com/crsh/papaja},
}
@Manual{R-png,
  title = {png: Read and write PNG images},
  author = {Simon Urbanek},
  year = {2013},
  note = {R package version 0.1-7},
  url = {https://CRAN.R-project.org/package=png},
}
@Manual{R-purrr,
  title = {purrr: Functional Programming Tools},
  author = {Lionel Henry and Hadley Wickham},
  year = {2018},
  note = {R package version 0.2.5},
  url = {https://CRAN.R-project.org/package=purrr},
}
@Manual{R-pwr,
  title = {pwr: Basic Functions for Power Analysis},
  author = {Stephane Champely},
  year = {2018},
  note = {R package version 1.2-2},
  url = {https://CRAN.R-project.org/package=pwr},
}
@Manual{R-readr,
  title = {readr: Read Rectangular Text Data},
  author = {Hadley Wickham and Jim Hester and Romain Francois},
  year = {2017},
  note = {R package version 1.1.1},
  url = {https://CRAN.R-project.org/package=readr},
}
@Manual{R-semTools,
  title = {{semTools}: Useful tools for structural equation modeling},
  author = {{Jorgensen} and T. D. and {Pornprasertmanit} and {S.} and {Schoemann} and A. M. and {Rosseel} and {Y.}},
  year = {2018},
  note = {R package version 0.5-1},
  url = {https://CRAN.R-project.org/package=semTools},
}
@Manual{R-stringr,
  title = {stringr: Simple, Consistent Wrappers for Common String Operations},
  author = {Hadley Wickham},
  year = {2018},
  note = {R package version 1.3.1},
  url = {https://CRAN.R-project.org/package=stringr},
}
@Manual{R-td,
  title = {td: Functions For Everyday Use},
  author = {Tobias Dienlin},
  year = {2018},
  note = {R package version 0.0.1},
}
@Manual{R-tibble,
  title = {tibble: Simple Data Frames},
  author = {Kirill Müller and Hadley Wickham},
  year = {2018},
  note = {R package version 1.4.2},
  url = {https://CRAN.R-project.org/package=tibble},
}
@Manual{R-tidyr,
  title = {tidyr: Easily Tidy Data with 'spread()' and 'gather()' Functions},
  author = {Hadley Wickham and Lionel Henry},
  year = {2018},
  note = {R package version 0.8.1},
  url = {https://CRAN.R-project.org/package=tidyr},
}
@Manual{R-tidyverse,
  title = {tidyverse: Easily Install and Load the 'Tidyverse'},
  author = {Hadley Wickham},
  year = {2017},
  note = {R package version 1.2.1},
  url = {https://CRAN.R-project.org/package=tidyverse},
}
@Manual{R-devtools,
  title = {devtools: Tools to Make Developing R Packages Easier},
  author = {Hadley Wickham and Jim Hester and Winston Chang},
  year = {2018},
  note = {R package version 1.13.6},
  url = {https://CRAN.R-project.org/package=devtools},
}
@Manual{R-cowplot,
  title = {cowplot: Streamlined Plot Theme and Plot Annotations for 'ggplot2'},
  author = {Claus O. Wilke},
  year = {2018},
  note = {R package version 0.9.3},
  url = {https://CRAN.R-project.org/package=cowplot},
}
@Manual{R-GGally,
  title = {GGally: Extension to 'ggplot2'},
  author = {Barret Schloerke and Jason Crowley and Di Cook and Francois Briatte and Moritz Marbach and Edwin Thoen and Amos Elberg and Joseph Larmarange},
  year = {2018},
  note = {R package version 1.4.0},
  url = {https://CRAN.R-project.org/package=GGally},
}
@Manual{R-here,
  title = {here: A Simpler Way to Find Your Files},
  author = {Kirill Müller},
  year = {2017},
  note = {R package version 0.1},
  url = {https://CRAN.R-project.org/package=here},
}
@Manual{R-psych,
  title = {psych: Procedures for Psychological, Psychometric, and Personality Research},
  author = {William Revelle},
  organization = { Northwestern University},
  address = { Evanston, Illinois},
  year = {2018},
  note = {R package version 1.8.4},
  url = {https://CRAN.R-project.org/package=psych},
}
@Manual{R-quanteda,
  title = {quanteda: Quantitative Analysis of Textual Data},
  author = {Kenneth Benoit},
  doi = {10.5281/zenodo.1004683},
  url = {http://quanteda.io},
  year = {2018},
  note = {R package version 1.3.4},
}
@Manual{R-RColorBrewer,
  title = {RColorBrewer: ColorBrewer Palettes},
  author = {Erich Neuwirth},
  year = {2014},
  note = {R package version 1.1-2},
  url = {https://CRAN.R-project.org/package=RColorBrewer},
}
@Article{R-reshape,
  author = {Hadley Wickham},
  journal = {Journal of Statistical Software},
  number = {12},
  title = {Reshaping data with the reshape package},
  url = {http://www.jstatsoft.org/v21/i12/paper},
  volume = {21},
  year = {2007},
}
@Manual{R-xlsx,
  title = {xlsx: Read, Write, Format Excel 2007 and Excel 97/2000/XP/2003 Files},
  author = {Adrian A. Dragulescu and Cole Arendt},
  year = {2018},
  note = {R package version 0.6.1},
  url = {https://CRAN.R-project.org/package=xlsx},
}
@Manual{R-usethis,
  title = {usethis: Automate Package and Project Setup},
  author = {Hadley Wickham and Jennifer Bryan},
  year = {2019},
  note = {R package version 1.5.1},
  url = {https://CRAN.R-project.org/package=usethis},
}
@Manual{R-koRpus,
  title = {koRpus: An R Package for Text Analysis},
  author = {Meik Michalke},
  year = {2018},
  note = {(Version 0.11-5)},
  url = {https://reaktanz.de/?c=hacking&s=koRpus},
}
@Manual{R-koRpus.lang.en,
  title = {koRpus.lang.en: Language Support for 'koRpus' Package: English},
  author = {Meik Michalke},
  year = {2019},
  note = {(Version 0.1-3)},
  url = {https://reaktanz.de/?c=hacking&s=koRpus},
}
@Manual{R-sylly,
  title = {sylly: Hyphenation and Syllable Counting for Text Analysis},
  author = {Meik Michalke},
  year = {2018},
  note = {(Version 0.1-5)},
  url = {https://reaktanz.de/?c=hacking&s=sylly},
}
@Manual{R-shiny,
  title = {shiny: Web Application Framework for R},
  author = {Winston Chang and Joe Cheng and JJ Allaire and Yihui Xie and Jonathan McPherson},
  year = {2019},
  note = {R package version 1.4.0},
  url = {https://CRAN.R-project.org/package=shiny},
}
@Article{R-MVN,
  title = {MVN: An R Package for Assessing Multivariate Normality.},
  author = {Selcuk Korkmaz and Dincer Goksuluk and Gokmen Zararsiz},
  journal = {The R Journal},
  year = {2014},
  volume = {6},
  number = {2},
  pages = {151--162},
  url = {https://journal.r-project.org/archive/2014-2/korkmaz-goksuluk-zararsiz.pdf},
}
@Article{R-faoutlier,
  title = {faoutlier: An R Package for Detecting Influential Cases in Exploratory and Confirmatory Factor Analysis.},
  author = {R. Philip Chalmers and David B. Flora},
  journal = {Applied Psychological Measurement},
  year = {2015},
  volume = {39},
  number = {7},
  pages = {573--574},
  doi = {10.1177/0146621615597894},
}
@Manual{R-gganimate,
  title = {gganimate: A Grammar of Animated Graphics},
  author = {Thomas Lin Pedersen and David Robinson},
  year = {2020},
  note = {R package version 1.0.5},
  url = {https://CRAN.R-project.org/package=gganimate},
}
@Book{R-mvtnorm,
  title = {Computation of Multivariate Normal and t Probabilities},
  author = {Alan Genz and Frank Bretz},
  series = {Lecture Notes in Statistics},
  year = {2009},
  publisher = {Springer-Verlag},
  address = {Heidelberg},
  isbn = {978-3-642-01688-2},
}
@Manual{R-kableExtra,
  title = {kableExtra: Construct Complex Table with 'kable' and Pipe Syntax},
  author = {Hao Zhu},
  year = {2019},
  note = {R package version 1.1.0},
  url = {https://CRAN.R-project.org/package=kableExtra},
}
@Article{R-brms_a,
  title = {{brms}: An {R} Package for {Bayesian} Multilevel Models Using {Stan}},
  author = {Paul-Christian Bürkner},
  journal = {Journal of Statistical Software},
  year = {2017},
  volume = {80},
  number = {1},
  pages = {1--28},
  doi = {10.18637/jss.v080.i01},
  encoding = {UTF-8},
}
@Article{R-brms_b,
  title = {Advanced {Bayesian} Multilevel Modeling with the {R} Package {brms}},
  author = {Paul-Christian Bürkner},
  journal = {The R Journal},
  year = {2018},
  volume = {10},
  number = {1},
  pages = {395--411},
  doi = {10.32614/RJ-2018-017},
  encoding = {UTF-8},
}
@Article{R-Rcpp_a,
  title = {{Rcpp}: Seamless {R} and {C++} Integration},
  author = {Dirk Eddelbuettel and Romain Fran\c{c}ois},
  journal = {Journal of Statistical Software},
  year = {2011},
  volume = {40},
  number = {8},
  pages = {1--18},
  url = {https://www.jstatsoft.org/v40/i08/},
  doi = {10.18637/jss.v040.i08},
}
@Article{R-Rcpp_b,
  title = {{Extending 	extit{R} with 	extit{C++}: A Brief Introduction to 	extit{Rcpp}}},
  author = {Dirk Eddelbuettel and James Joseph Balamuta},
  journal = {The American Statistician},
  year = {2018},
  volume = {72},
  number = {1},
  pages = {28-36},
  url = {https://doi.org/10.1080/00031305.2017.1375990},
  doi = {10.1080/00031305.2017.1375990},
}
@Manual{R-tinylabels,
  title = {{tinylabels}: Lightweight Variable Labels},
  author = {Marius Barth},
  year = {2022},
  note = {R package version 0.2.3},
  url = {https://cran.r-project.org/package=tinylabels},
}
